%YAML 1.1
%TAG !u! tag:unity3d.com,2011:
--- !u!1 &1166522091614202512
GameObject:
  m_ObjectHideFlags: 0
  m_CorrespondingSourceObject: {fileID: 0}
  m_PrefabInstance: {fileID: 0}
  m_PrefabAsset: {fileID: 0}
  serializedVersion: 6
  m_Component:
  - component: {fileID: 406635418289071894}
  - component: {fileID: 4510854343210315913}
  - component: {fileID: 600790615005312810}
  - component: {fileID: 7466910135395725110}
  m_Layer: 5
  m_Name: Status 1634938900
  m_TagString: Untagged
  m_Icon: {fileID: 0}
  m_NavMeshLayer: 0
  m_StaticEditorFlags: 0
  m_IsActive: 1
--- !u!224 &406635418289071894
RectTransform:
  m_ObjectHideFlags: 0
  m_CorrespondingSourceObject: {fileID: 0}
  m_PrefabInstance: {fileID: 0}
  m_PrefabAsset: {fileID: 0}
  m_GameObject: {fileID: 1166522091614202512}
  m_LocalRotation: {x: -0, y: -0, z: -0, w: 1}
  m_LocalPosition: {x: 0, y: 0, z: 0}
  m_LocalScale: {x: 1, y: 1, z: 1}
  m_ConstrainProportionsScale: 0
  m_Children:
  - {fileID: 5484011476565282363}
  - {fileID: 5452529831837466375}
  - {fileID: 1621301589656221357}
  m_Father: {fileID: 0}
  m_LocalEulerAnglesHint: {x: 0, y: 0, z: 0}
  m_AnchorMin: {x: 0, y: 0}
  m_AnchorMax: {x: 0, y: 0}
  m_AnchoredPosition: {x: 0, y: 0}
  m_SizeDelta: {x: 0, y: 40}
  m_Pivot: {x: 0.5, y: 0.5}
--- !u!114 &4510854343210315913
MonoBehaviour:
  m_ObjectHideFlags: 0
  m_CorrespondingSourceObject: {fileID: 0}
  m_PrefabInstance: {fileID: 0}
  m_PrefabAsset: {fileID: 0}
  m_GameObject: {fileID: 1166522091614202512}
  m_Enabled: 1
  m_EditorHideFlags: 0
  m_Script: {fileID: 11500000, guid: 18b42570416bdca4697b2749e5bf8c5c, type: 3}
  m_Name: 
  m_EditorClassIdentifier: 
  data:
    id: I96:3339;266:1482;266:1499
    formattedName: Status
    spriteName: 
    tags: 6400000001000000
    childIndexes: 9d000000a0000000a7000000
    fcuInstance: {fileID: 0}
    gameObject: {fileID: 1166522091614202512}
    transformData:
      anchorMin: {x: 0, y: 1}
      anchorMax: {x: 0, y: 1}
      anchoredPosition: {x: 206, y: -20}
      sizeDelta: {x: 412, y: 40, z: 0}
      localRotation: {x: 0, y: 0, z: 0, w: 1}
      localScale: {x: 1, y: 1, z: 1}
    singleColor: {r: 0, g: 0, b: 0, a: 0}
    spriteSize: {x: 0, y: 0}
    size: {x: 412, y: 40}
    position: {x: 3099, y: -445}
    fcuImageType: 0
    buttonComponent: 0
    hash: 1634938900
    hashDataTree: "\u2014\u2014\u2014\u2014Mini_game_2_WINLINE/4/Phone portrait/Status
      bar/Status\r\n    isVisible | True\r\n    Type | INSTANCE\r\n    GetFigmaRotationAngle
      | 0\r\n    StrokeWeight | 1\r\n    StrokeAlign | INSIDE\r\n    BlendMode |
      PASS_THROUGH\r\n    ClipsContent | False\r\n    LayoutMode | HORIZONTAL\r\n   
      ItemSpacing | 4\r\n    PrimaryAxisAlignItems | SPACE_BETWEEN\r\n    CounterAxisAlignItems
      | CENTER\r\n    PaddingLeft | 16\r\n    PaddingRight | 16\r\n    Size | (412.00,
      40.00)\r\n    isVisible | True\r\n    Type | INSTANCE\r\n    GetFigmaRotationAngle
      | 0\r\n    StrokeWeight | 1\r\n    StrokeAlign | INSIDE\r\n    BlendMode |
      PASS_THROUGH\r\n    ClipsContent | False\r\n    LayoutMode | HORIZONTAL\r\n   
      ItemSpacing | 4\r\n    PrimaryAxisAlignItems | SPACE_BETWEEN\r\n    CounterAxisAlignItems
      | CENTER\r\n    PaddingLeft | 16\r\n    PaddingRight | 16\r\n    Size | (412.00,
      40.00)\r\n    \u2014\u2014\u2014\u2014ArcData\r\n        StartingAngle | 0\r\n       
      EndingAngle | 0\r\n        InnerRadius | 0\r\n\u2014\u2014\u2014\u2014Mini_game_2_WINLINE/4/Phone
      portrait/Status bar/Status/Time & Date\r\n    isVisible | True\r\n    Type
      | FRAME\r\n    GetFigmaRotationAngle | 0\r\n    StrokeWeight | 1\r\n    StrokeAlign
      | INSIDE\r\n    BlendMode | PASS_THROUGH\r\n    ClipsContent | False\r\n   
      LayoutMode | HORIZONTAL\r\n    ItemSpacing | 8\r\n    CounterAxisAlignItems
      | CENTER\r\n    Size | (128.00, 40.00)\r\n    isVisible | True\r\n    Type
      | FRAME\r\n    GetFigmaRotationAngle | 0\r\n    StrokeWeight | 1\r\n    StrokeAlign
      | INSIDE\r\n    BlendMode | PASS_THROUGH\r\n    ClipsContent | False\r\n   
      LayoutMode | HORIZONTAL\r\n    ItemSpacing | 8\r\n    CounterAxisAlignItems
      | CENTER\r\n    Size | (128.00, 40.00)\r\n    \u2014\u2014\u2014\u2014ArcData\r\n       
      StartingAngle | 0\r\n        EndingAngle | 0\r\n        InnerRadius | 0\r\n\u2014\u2014\u2014\u2014Mini_game_2_WINLINE/4/Phone
      portrait/Status bar/Status/Time & Date/9-30\r\n    isVisible | True\r\n   
      Type | TEXT\r\n    GetFigmaRotationAngle | 0\r\n    StrokeWeight | 0\r\n   
      StrokeAlign | CENTER\r\n    BlendMode | NORMAL\r\n    isVisible | True\r\n   
      Type | TEXT\r\n    GetFigmaRotationAngle | 0\r\n    StrokeWeight | 0\r\n   
      StrokeAlign | CENTER\r\n    BlendMode | NORMAL\r\n    \u2014\u2014\u2014\u2014TextStyle\r\n       
      FontFamily | Roboto\r\n        FontWeight | 400\r\n        FontSize | 14\r\n       
      TextAlignHorizontal | LEFT\r\n        TextAlignVertical | CENTER\r\n    \u2014\u2014\u2014\u2014Fills\r\n       
      IsVisible | True\r\n        Type | SOLID\r\n        Color | RGBA(0.098, 0.110,
      0.106, 1.000)\r\n        BlendMode | NORMAL\r\n    \u2014\u2014\u2014\u2014ArcData\r\n       
      StartingAngle | 0\r\n        EndingAngle | 0\r\n        InnerRadius | 0\r\n   
      \u2014\u2014\u2014\u2014Mini_game_2_WINLINE/4/Phone portrait/Status bar/Status/Time
      & Date/Tue- Jul 19\r\n        isVisible | False\r\n        Type | TEXT\r\n       
      GetFigmaRotationAngle | 0\r\n        StrokeWeight | 0\r\n        StrokeAlign
      | CENTER\r\n        BlendMode | NORMAL\r\n        isVisible | False\r\n       
      Type | TEXT\r\n        GetFigmaRotationAngle | 0\r\n        StrokeWeight |
      0\r\n        StrokeAlign | CENTER\r\n        BlendMode | NORMAL\r\n       
      \u2014\u2014\u2014\u2014TextStyle\r\n            FontFamily | Roboto\r\n           
      FontWeight | 400\r\n            FontSize | 14\r\n            TextAlignHorizontal
      | LEFT\r\n            TextAlignVertical | CENTER\r\n        \u2014\u2014\u2014\u2014Fills\r\n           
      IsVisible | True\r\n            Type | SOLID\r\n            Color | RGBA(0.000,
      0.000, 0.000, 1.000)\r\n            BlendMode | NORMAL\r\n        \u2014\u2014\u2014\u2014ArcData\r\n           
      StartingAngle | 0\r\n            EndingAngle | 0\r\n            InnerRadius
      | 0\r\n    \u2014\u2014\u2014\u2014Mini_game_2_WINLINE/4/Phone portrait/Status
      bar/Status/Status Icons\r\n        isVisible | True\r\n        Type | FRAME\r\n       
      GetFigmaRotationAngle | 0\r\n        StrokeWeight | 1\r\n        StrokeAlign
      | INSIDE\r\n        BlendMode | PASS_THROUGH\r\n        ClipsContent | False\r\n       
      LayoutMode | HORIZONTAL\r\n        PrimaryAxisAlignItems | MAX\r\n        CounterAxisAlignItems
      | CENTER\r\n        Size | (46.00, 52.00)\r\n        isVisible | True\r\n       
      Type | FRAME\r\n        GetFigmaRotationAngle | 0\r\n        StrokeWeight |
      1\r\n        StrokeAlign | INSIDE\r\n        BlendMode | PASS_THROUGH\r\n       
      ClipsContent | False\r\n        LayoutMode | HORIZONTAL\r\n        PrimaryAxisAlignItems
      | MAX\r\n        CounterAxisAlignItems | CENTER\r\n        Size | (46.00, 52.00)\r\n       
      \u2014\u2014\u2014\u2014ArcData\r\n            StartingAngle | 0\r\n           
      EndingAngle | 0\r\n            InnerRadius | 0\r\n    \u2014\u2014\u2014\u2014Mini_game_2_WINLINE/4/Phone
      portrait/Status bar/Status/Status Icons/Wi-Fi Network\r\n        isVisible
      | True\r\n        Type | FRAME\r\n        GetFigmaRotationAngle | 0\r\n       
      StrokeWeight | 1\r\n        StrokeAlign | INSIDE\r\n        BlendMode | PASS_THROUGH\r\n       
      ClipsContent | False\r\n        LayoutMode | HORIZONTAL\r\n        ItemSpacing
      | -2\r\n        Size | (30.00, 16.00)\r\n        isVisible | True\r\n       
      Type | FRAME\r\n        GetFigmaRotationAngle | 0\r\n        StrokeWeight |
      1\r\n        StrokeAlign | INSIDE\r\n        BlendMode | PASS_THROUGH\r\n       
      ClipsContent | False\r\n        LayoutMode | HORIZONTAL\r\n        ItemSpacing
      | -2\r\n        Size | (30.00, 16.00)\r\n        \u2014\u2014\u2014\u2014ArcData\r\n           
      StartingAngle | 0\r\n            EndingAngle | 0\r\n            InnerRadius
      | 0\r\n    \u2014\u2014\u2014\u2014Mini_game_2_WINLINE/4/Phone portrait/Status
      bar/Status/Status Icons/Wi-Fi Network/Wifi\r\n        isVisible | True\r\n       
      Type | INSTANCE\r\n        GetFigmaRotationAngle | 0\r\n        FillGeometry
      | -2004774453\r\n        StrokeWeight | 0,6666667\r\n        StrokeAlign |
      INSIDE\r\n        BlendMode | PASS_THROUGH\r\n        ClipsContent | True\r\n       
      Size | (16.00, 16.00)\r\n        isVisible | True\r\n        Type | INSTANCE\r\n       
      GetFigmaRotationAngle | 0\r\n        FillGeometry | -2004774453\r\n       
      StrokeWeight | 0,6666667\r\n        StrokeAlign | INSIDE\r\n        BlendMode
      | PASS_THROUGH\r\n        ClipsContent | True\r\n        Size | (16.00, 16.00)\r\n       
      \u2014\u2014\u2014\u2014ArcData\r\n            StartingAngle | 0\r\n           
      EndingAngle | 0\r\n            InnerRadius | 0\r\n    \u2014\u2014\u2014\u2014Mini_game_2_WINLINE/4/Phone
      portrait/Status bar/Status/Status Icons/Wi-Fi Network/Wifi/Vector\r\n       
      isVisible | True\r\n        Type | VECTOR\r\n        GetFigmaRotationAngle
      | 0\r\n        FillGeometry | 817101370\r\n        StrokeWeight | 0,6666667\r\n       
      StrokeAlign | INSIDE\r\n        BlendMode | PASS_THROUGH\r\n        Size |
      (14.67, 10.37)\r\n        isVisible | True\r\n        Type | VECTOR\r\n       
      GetFigmaRotationAngle | 0\r\n        FillGeometry | 817101370\r\n        StrokeWeight
      | 0,6666667\r\n        StrokeAlign | INSIDE\r\n        BlendMode | PASS_THROUGH\r\n       
      Size | (14.67, 10.37)\r\n        \u2014\u2014\u2014\u2014Fills\r\n           
      IsVisible | True\r\n            Type | SOLID\r\n            Color | RGBA(0.098,
      0.110, 0.106, 1.000)\r\n            BlendMode | NORMAL\r\n        \u2014\u2014\u2014\u2014ArcData\r\n           
      StartingAngle | 0\r\n            EndingAngle | 0\r\n            InnerRadius
      | 0\r\n        \u2014\u2014\u2014\u2014Mini_game_2_WINLINE/4/Phone portrait/Status
      bar/Status/Status Icons/Wi-Fi Network/Signal\r\n            isVisible | True\r\n           
      Type | INSTANCE\r\n            GetFigmaRotationAngle | 0\r\n            FillGeometry
      | -2004774453\r\n            StrokeWeight | 0,6666667\r\n            StrokeAlign
      | INSIDE\r\n            BlendMode | PASS_THROUGH\r\n            ClipsContent
      | True\r\n            Size | (16.00, 16.00)\r\n            isVisible | True\r\n           
      Type | INSTANCE\r\n            GetFigmaRotationAngle | 0\r\n            FillGeometry
      | -2004774453\r\n            StrokeWeight | 0,6666667\r\n            StrokeAlign
      | INSIDE\r\n            BlendMode | PASS_THROUGH\r\n            ClipsContent
      | True\r\n            Size | (16.00, 16.00)\r\n            \u2014\u2014\u2014\u2014ArcData\r\n               
      StartingAngle | 0\r\n                EndingAngle | 0\r\n                InnerRadius
      | 0\r\n        \u2014\u2014\u2014\u2014Mini_game_2_WINLINE/4/Phone portrait/Status
      bar/Status/Status Icons/Wi-Fi Network/Signal/Vector\r\n            isVisible
      | True\r\n            Type | VECTOR\r\n            GetFigmaRotationAngle |
      0\r\n            FillGeometry | 109828159\r\n            StrokeWeight | 0,6666667\r\n           
      StrokeAlign | INSIDE\r\n            BlendMode | PASS_THROUGH\r\n           
      Size | (13.33, 13.33)\r\n            isVisible | True\r\n            Type |
      VECTOR\r\n            GetFigmaRotationAngle | 0\r\n            FillGeometry
      | 109828159\r\n            StrokeWeight | 0,6666667\r\n            StrokeAlign
      | INSIDE\r\n            BlendMode | PASS_THROUGH\r\n            Size | (13.33,
      13.33)\r\n            \u2014\u2014\u2014\u2014Fills\r\n                IsVisible
      | True\r\n                Type | SOLID\r\n                Color | RGBA(0.098,
      0.110, 0.106, 1.000)\r\n                BlendMode | NORMAL\r\n            \u2014\u2014\u2014\u2014ArcData\r\n               
      StartingAngle | 0\r\n                EndingAngle | 0\r\n                InnerRadius
      | 0\r\n        \u2014\u2014\u2014\u2014Mini_game_2_WINLINE/4/Phone portrait/Status
      bar/Status/Status Icons/Battery\r\n            isVisible | True\r\n           
      Type | FRAME\r\n            GetFigmaRotationAngle | 0\r\n            StrokeWeight
      | 1\r\n            StrokeAlign | INSIDE\r\n            BlendMode | PASS_THROUGH\r\n           
      ClipsContent | False\r\n            LayoutMode | HORIZONTAL\r\n           
      ItemSpacing | 2\r\n            CounterAxisAlignItems | CENTER\r\n           
      Size | (16.00, 52.00)\r\n            isVisible | True\r\n            Type |
      FRAME\r\n            GetFigmaRotationAngle | 0\r\n            StrokeWeight
      | 1\r\n            StrokeAlign | INSIDE\r\n            BlendMode | PASS_THROUGH\r\n           
      ClipsContent | False\r\n            LayoutMode | HORIZONTAL\r\n           
      ItemSpacing | 2\r\n            CounterAxisAlignItems | CENTER\r\n           
      Size | (16.00, 52.00)\r\n            \u2014\u2014\u2014\u2014ArcData\r\n               
      StartingAngle | 0\r\n                EndingAngle | 0\r\n                InnerRadius
      | 0\r\n        \u2014\u2014\u2014\u2014Mini_game_2_WINLINE/4/Phone portrait/Status
      bar/Status/Status Icons/Battery/Battery\r\n            isVisible | True\r\n           
      Type | INSTANCE\r\n            GetFigmaRotationAngle | 0\r\n            FillGeometry
      | -2004774453\r\n            StrokeWeight | 0,4722222\r\n            StrokeAlign
      | INSIDE\r\n            BlendMode | PASS_THROUGH\r\n            ClipsContent
      | True\r\n            Size | (16.00, 16.00)\r\n            isVisible | True\r\n           
      Type | INSTANCE\r\n            GetFigmaRotationAngle | 0\r\n            FillGeometry
      | -2004774453\r\n            StrokeWeight | 0,4722222\r\n            StrokeAlign
      | INSIDE\r\n            BlendMode | PASS_THROUGH\r\n            ClipsContent
      | True\r\n            Size | (16.00, 16.00)\r\n            \u2014\u2014\u2014\u2014ArcData\r\n               
      StartingAngle | 0\r\n                EndingAngle | 0\r\n                InnerRadius
      | 0\r\n        \u2014\u2014\u2014\u2014Mini_game_2_WINLINE/4/Phone portrait/Status
      bar/Status/Status Icons/Battery/Battery/Base\r\n            isVisible | True\r\n           
      Type | VECTOR\r\n            GetFigmaRotationAngle | 0\r\n            FillGeometry
      | -145314559\r\n            StrokeWeight | 0,4722222\r\n            StrokeAlign
      | INSIDE\r\n            BlendMode | PASS_THROUGH\r\n            Size | (8.50,
      14.17)\r\n            isVisible | True\r\n            Type | VECTOR\r\n           
      GetFigmaRotationAngle | 0\r\n            FillGeometry | -145314559\r\n           
      StrokeWeight | 0,4722222\r\n            StrokeAlign | INSIDE\r\n           
      BlendMode | PASS_THROUGH\r\n            Size | (8.50, 14.17)\r\n           
      \u2014\u2014\u2014\u2014Fills\r\n                IsVisible | True\r\n               
      Type | SOLID\r\n                Color | RGBA(0.098, 0.110, 0.106, 1.000)\r\n               
      BlendMode | NORMAL\r\n            \u2014\u2014\u2014\u2014ArcData\r\n               
      StartingAngle | 0\r\n                EndingAngle | 0\r\n                InnerRadius
      | 0\r\n        \u2014\u2014\u2014\u2014Mini_game_2_WINLINE/4/Phone portrait/Status
      bar/Status/Camera\r\n            isVisible | True\r\n            Type | FRAME\r\n           
      GetFigmaRotationAngle | 0\r\n            StrokeWeight | 1\r\n            StrokeAlign
      | INSIDE\r\n            BlendMode | PASS_THROUGH\r\n            ClipsContent
      | False\r\n            Size | (24.00, 24.00)\r\n            isVisible | True\r\n           
      Type | FRAME\r\n            GetFigmaRotationAngle | 0\r\n            StrokeWeight
      | 1\r\n            StrokeAlign | INSIDE\r\n            BlendMode | PASS_THROUGH\r\n           
      ClipsContent | False\r\n            Size | (24.00, 24.00)\r\n            \u2014\u2014\u2014\u2014Fills\r\n               
      IsVisible | False\r\n                Type | SOLID\r\n                Color
      | RGBA(1.000, 1.000, 1.000, 1.000)\r\n                BlendMode | NORMAL\r\n           
      \u2014\u2014\u2014\u2014ArcData\r\n                StartingAngle | 0\r\n               
      EndingAngle | 0\r\n                InnerRadius | 0\r\n        \u2014\u2014\u2014\u2014Mini_game_2_WINLINE/4/Phone
      portrait/Status bar/Status/Camera/Camera\r\n            isVisible | True\r\n           
      Type | RECTANGLE\r\n            GetFigmaRotationAngle | 0\r\n            FillGeometry
      | 1536025680\r\n            StrokeWeight | 1\r\n            StrokeAlign | INSIDE\r\n           
      CornerRadius | 100\r\n            BlendMode | PASS_THROUGH\r\n            Size
      | (24.00, 24.00)\r\n            isVisible | True\r\n            Type | RECTANGLE\r\n           
      GetFigmaRotationAngle | 0\r\n            FillGeometry | 1536025680\r\n           
      StrokeWeight | 1\r\n            StrokeAlign | INSIDE\r\n            CornerRadius
      | 100\r\n            BlendMode | PASS_THROUGH\r\n            Size | (24.00,
      24.00)\r\n            \u2014\u2014\u2014\u2014Fills\r\n                IsVisible
      | True\r\n                Type | SOLID\r\n                Color | RGBA(0.180,
      0.180, 0.180, 1.000)\r\n                BlendMode | NORMAL\r\n            \u2014\u2014\u2014\u2014ArcData\r\n               
      StartingAngle | 0\r\n                EndingAngle | 0\r\n                InnerRadius
      | 0\r\n            \u2014\u2014\u2014\u2014Mini_game_2_WINLINE/4/Phone portrait/Status
      bar/Status/Status Icons/Battery/Until 10-00 AM\r\n                isVisible
      | False\r\n                Type | TEXT\r\n                GetFigmaRotationAngle
      | 0\r\n                StrokeWeight | 0\r\n                StrokeAlign | CENTER\r\n               
      BlendMode | NORMAL\r\n                isVisible | False\r\n               
      Type | TEXT\r\n                GetFigmaRotationAngle | 0\r\n               
      StrokeWeight | 0\r\n                StrokeAlign | CENTER\r\n               
      BlendMode | NORMAL\r\n                \u2014\u2014\u2014\u2014TextStyle\r\n                   
      FontFamily | Roboto\r\n                    FontWeight | 400\r\n                   
      FontSize | 14\r\n                    TextAlignHorizontal | LEFT\r\n                   
      TextAlignVertical | CENTER\r\n                \u2014\u2014\u2014\u2014Fills\r\n                   
      IsVisible | True\r\n                    Type | SOLID\r\n                   
      Color | RGBA(0.000, 0.000, 0.000, 1.000)\r\n                    BlendMode |
      NORMAL\r\n                \u2014\u2014\u2014\u2014ArcData\r\n                   
      StartingAngle | 0\r\n                    EndingAngle | 0\r\n                   
      InnerRadius | 0\r\n"
    parentIndex: 155
    hierarchy: Mini_game_2_WINLINE/4/Phone portrait/Status bar/Status
    spritePath: 
    link: 
    humanizedTextPrefabName: 
    tagReason: children not empty
    downloadAttempsCount: 0
    isDownloadable: 0
    isDuplicate: 1
    isMutual: 0
    isEmptyMask: 0
    isEmpty: 0
    needDownload: 0
    needGenerate: 0
    forceImage: 0
    forceContainer: 1
    isInsideDownloadable: 0
    insideForceImage: 0
    hasFontAsset: 0
--- !u!114 &600790615005312810
MonoBehaviour:
  m_ObjectHideFlags: 0
  m_CorrespondingSourceObject: {fileID: 0}
  m_PrefabInstance: {fileID: 0}
  m_PrefabAsset: {fileID: 0}
  m_GameObject: {fileID: 1166522091614202512}
  m_Enabled: 1
  m_EditorHideFlags: 0
  m_Script: {fileID: 11500000, guid: 306cc8c2b49d7114eaa3623786fc2126, type: 3}
  m_Name: 
  m_EditorClassIdentifier: 
  m_IgnoreLayout: 0
  m_MinWidth: 412
  m_MinHeight: 40
  m_PreferredWidth: -1
  m_PreferredHeight: -1
  m_FlexibleWidth: -1
  m_FlexibleHeight: -1
  m_LayoutPriority: 1
--- !u!114 &7466910135395725110
MonoBehaviour:
  m_ObjectHideFlags: 0
  m_CorrespondingSourceObject: {fileID: 0}
  m_PrefabInstance: {fileID: 0}
  m_PrefabAsset: {fileID: 0}
  m_GameObject: {fileID: 1166522091614202512}
  m_Enabled: 1
  m_EditorHideFlags: 0
  m_Script: {fileID: 11500000, guid: 30649d3a9faa99c48a7b1166b86bf2a0, type: 3}
  m_Name: 
  m_EditorClassIdentifier: 
  m_Padding:
    m_Left: 16
    m_Right: 16
    m_Top: 0
    m_Bottom: 0
  m_ChildAlignment: 4
  m_Spacing: 107
  m_ChildForceExpandWidth: 1
  m_ChildForceExpandHeight: 0
  m_ChildControlWidth: 0
  m_ChildControlHeight: 0
  m_ChildScaleWidth: 0
  m_ChildScaleHeight: 0
  m_ReverseArrangement: 0
--- !u!1001 &5150309864230670320
PrefabInstance:
  m_ObjectHideFlags: 0
  serializedVersion: 2
  m_Modification:
    serializedVersion: 3
    m_TransformParent: {fileID: 406635418289071894}
    m_Modifications:
    - target: {fileID: 820373015840555467, guid: 1a8a443ca13c8104a99f8a8f2e75f963, type: 3}
      propertyPath: m_Pivot.x
      value: 0.5
      objectReference: {fileID: 0}
    - target: {fileID: 820373015840555467, guid: 1a8a443ca13c8104a99f8a8f2e75f963, type: 3}
      propertyPath: m_Pivot.y
      value: 0.5
      objectReference: {fileID: 0}
    - target: {fileID: 820373015840555467, guid: 1a8a443ca13c8104a99f8a8f2e75f963, type: 3}
      propertyPath: m_AnchorMax.x
      value: 0
      objectReference: {fileID: 0}
    - target: {fileID: 820373015840555467, guid: 1a8a443ca13c8104a99f8a8f2e75f963, type: 3}
      propertyPath: m_AnchorMax.y
      value: 1
      objectReference: {fileID: 0}
    - target: {fileID: 820373015840555467, guid: 1a8a443ca13c8104a99f8a8f2e75f963, type: 3}
      propertyPath: m_AnchorMin.x
      value: 0
      objectReference: {fileID: 0}
    - target: {fileID: 820373015840555467, guid: 1a8a443ca13c8104a99f8a8f2e75f963, type: 3}
      propertyPath: m_AnchorMin.y
      value: 1
      objectReference: {fileID: 0}
    - target: {fileID: 820373015840555467, guid: 1a8a443ca13c8104a99f8a8f2e75f963, type: 3}
      propertyPath: m_SizeDelta.x
      value: 128
      objectReference: {fileID: 0}
    - target: {fileID: 820373015840555467, guid: 1a8a443ca13c8104a99f8a8f2e75f963, type: 3}
      propertyPath: m_SizeDelta.y
      value: 40
      objectReference: {fileID: 0}
    - target: {fileID: 820373015840555467, guid: 1a8a443ca13c8104a99f8a8f2e75f963, type: 3}
      propertyPath: m_LocalPosition.x
      value: 0
      objectReference: {fileID: 0}
    - target: {fileID: 820373015840555467, guid: 1a8a443ca13c8104a99f8a8f2e75f963, type: 3}
      propertyPath: m_LocalPosition.y
      value: 0
      objectReference: {fileID: 0}
    - target: {fileID: 820373015840555467, guid: 1a8a443ca13c8104a99f8a8f2e75f963, type: 3}
      propertyPath: m_LocalPosition.z
      value: 0
      objectReference: {fileID: 0}
    - target: {fileID: 820373015840555467, guid: 1a8a443ca13c8104a99f8a8f2e75f963, type: 3}
      propertyPath: m_LocalRotation.w
      value: 1
      objectReference: {fileID: 0}
    - target: {fileID: 820373015840555467, guid: 1a8a443ca13c8104a99f8a8f2e75f963, type: 3}
      propertyPath: m_LocalRotation.x
      value: 0
      objectReference: {fileID: 0}
    - target: {fileID: 820373015840555467, guid: 1a8a443ca13c8104a99f8a8f2e75f963, type: 3}
      propertyPath: m_LocalRotation.y
      value: 0
      objectReference: {fileID: 0}
    - target: {fileID: 820373015840555467, guid: 1a8a443ca13c8104a99f8a8f2e75f963, type: 3}
      propertyPath: m_LocalRotation.z
      value: 0
      objectReference: {fileID: 0}
    - target: {fileID: 820373015840555467, guid: 1a8a443ca13c8104a99f8a8f2e75f963, type: 3}
      propertyPath: m_AnchoredPosition.x
      value: 104.75
      objectReference: {fileID: 0}
    - target: {fileID: 820373015840555467, guid: 1a8a443ca13c8104a99f8a8f2e75f963, type: 3}
      propertyPath: m_AnchoredPosition.y
      value: -20
      objectReference: {fileID: 0}
    - target: {fileID: 820373015840555467, guid: 1a8a443ca13c8104a99f8a8f2e75f963, type: 3}
      propertyPath: m_LocalEulerAnglesHint.x
      value: 0
      objectReference: {fileID: 0}
    - target: {fileID: 820373015840555467, guid: 1a8a443ca13c8104a99f8a8f2e75f963, type: 3}
      propertyPath: m_LocalEulerAnglesHint.y
      value: 0
      objectReference: {fileID: 0}
    - target: {fileID: 820373015840555467, guid: 1a8a443ca13c8104a99f8a8f2e75f963, type: 3}
      propertyPath: m_LocalEulerAnglesHint.z
      value: 0
      objectReference: {fileID: 0}
    - target: {fileID: 911097646958789214, guid: 1a8a443ca13c8104a99f8a8f2e75f963, type: 3}
      propertyPath: m_Name
      value: Time & Date
      objectReference: {fileID: 0}
    m_RemovedComponents: []
    m_RemovedGameObjects: []
    m_AddedGameObjects: []
    m_AddedComponents: []
  m_SourcePrefab: {fileID: 100100000, guid: 1a8a443ca13c8104a99f8a8f2e75f963, type: 3}
--- !u!224 &5484011476565282363 stripped
RectTransform:
  m_CorrespondingSourceObject: {fileID: 820373015840555467, guid: 1a8a443ca13c8104a99f8a8f2e75f963, type: 3}
  m_PrefabInstance: {fileID: 5150309864230670320}
  m_PrefabAsset: {fileID: 0}
--- !u!1001 &5860110047055890847
PrefabInstance:
  m_ObjectHideFlags: 0
  serializedVersion: 2
  m_Modification:
    serializedVersion: 3
    m_TransformParent: {fileID: 406635418289071894}
    m_Modifications:
    - target: {fileID: 51429034188703433, guid: 606fdc5e25573274189f9df922426dcc, type: 3}
      propertyPath: m_Name
      value: Camera
      objectReference: {fileID: 0}
    - target: {fileID: 5175566427361050418, guid: 606fdc5e25573274189f9df922426dcc, type: 3}
      propertyPath: m_Pivot.x
      value: 0.5
      objectReference: {fileID: 0}
    - target: {fileID: 5175566427361050418, guid: 606fdc5e25573274189f9df922426dcc, type: 3}
      propertyPath: m_Pivot.y
      value: 0.5
      objectReference: {fileID: 0}
    - target: {fileID: 5175566427361050418, guid: 606fdc5e25573274189f9df922426dcc, type: 3}
      propertyPath: m_AnchorMax.x
      value: 0
      objectReference: {fileID: 0}
    - target: {fileID: 5175566427361050418, guid: 606fdc5e25573274189f9df922426dcc, type: 3}
      propertyPath: m_AnchorMax.y
      value: 1
      objectReference: {fileID: 0}
    - target: {fileID: 5175566427361050418, guid: 606fdc5e25573274189f9df922426dcc, type: 3}
      propertyPath: m_AnchorMin.x
      value: 0
      objectReference: {fileID: 0}
    - target: {fileID: 5175566427361050418, guid: 606fdc5e25573274189f9df922426dcc, type: 3}
      propertyPath: m_AnchorMin.y
      value: 1
      objectReference: {fileID: 0}
    - target: {fileID: 5175566427361050418, guid: 606fdc5e25573274189f9df922426dcc, type: 3}
      propertyPath: m_SizeDelta.x
      value: 24
      objectReference: {fileID: 0}
    - target: {fileID: 5175566427361050418, guid: 606fdc5e25573274189f9df922426dcc, type: 3}
      propertyPath: m_SizeDelta.y
      value: 24
      objectReference: {fileID: 0}
    - target: {fileID: 5175566427361050418, guid: 606fdc5e25573274189f9df922426dcc, type: 3}
      propertyPath: m_LocalPosition.x
      value: 0
      objectReference: {fileID: 0}
    - target: {fileID: 5175566427361050418, guid: 606fdc5e25573274189f9df922426dcc, type: 3}
      propertyPath: m_LocalPosition.y
      value: 0
      objectReference: {fileID: 0}
    - target: {fileID: 5175566427361050418, guid: 606fdc5e25573274189f9df922426dcc, type: 3}
      propertyPath: m_LocalPosition.z
      value: 0
      objectReference: {fileID: 0}
    - target: {fileID: 5175566427361050418, guid: 606fdc5e25573274189f9df922426dcc, type: 3}
      propertyPath: m_LocalRotation.w
      value: 1
      objectReference: {fileID: 0}
    - target: {fileID: 5175566427361050418, guid: 606fdc5e25573274189f9df922426dcc, type: 3}
      propertyPath: m_LocalRotation.x
      value: 0
      objectReference: {fileID: 0}
    - target: {fileID: 5175566427361050418, guid: 606fdc5e25573274189f9df922426dcc, type: 3}
      propertyPath: m_LocalRotation.y
      value: 0
      objectReference: {fileID: 0}
    - target: {fileID: 5175566427361050418, guid: 606fdc5e25573274189f9df922426dcc, type: 3}
      propertyPath: m_LocalRotation.z
      value: 0
      objectReference: {fileID: 0}
    - target: {fileID: 5175566427361050418, guid: 606fdc5e25573274189f9df922426dcc, type: 3}
      propertyPath: m_AnchoredPosition.x
      value: 206
      objectReference: {fileID: 0}
    - target: {fileID: 5175566427361050418, guid: 606fdc5e25573274189f9df922426dcc, type: 3}
      propertyPath: m_AnchoredPosition.y
      value: -20
      objectReference: {fileID: 0}
    - target: {fileID: 5175566427361050418, guid: 606fdc5e25573274189f9df922426dcc, type: 3}
      propertyPath: m_LocalEulerAnglesHint.x
      value: 0
      objectReference: {fileID: 0}
    - target: {fileID: 5175566427361050418, guid: 606fdc5e25573274189f9df922426dcc, type: 3}
      propertyPath: m_LocalEulerAnglesHint.y
      value: 0
      objectReference: {fileID: 0}
    - target: {fileID: 5175566427361050418, guid: 606fdc5e25573274189f9df922426dcc, type: 3}
      propertyPath: m_LocalEulerAnglesHint.z
      value: 0
      objectReference: {fileID: 0}
    m_RemovedComponents: []
    m_RemovedGameObjects: []
    m_AddedGameObjects: []
    m_AddedComponents: []
  m_SourcePrefab: {fileID: 100100000, guid: 606fdc5e25573274189f9df922426dcc, type: 3}
--- !u!224 &1621301589656221357 stripped
RectTransform:
  m_CorrespondingSourceObject: {fileID: 5175566427361050418, guid: 606fdc5e25573274189f9df922426dcc, type: 3}
  m_PrefabInstance: {fileID: 5860110047055890847}
  m_PrefabAsset: {fileID: 0}
--- !u!1001 &6864703426790258198
PrefabInstance:
  m_ObjectHideFlags: 0
  serializedVersion: 2
  m_Modification:
    serializedVersion: 3
    m_TransformParent: {fileID: 406635418289071894}
    m_Modifications:
    - target: {fileID: 1508448155989510417, guid: 7e7e20a1adabae047b785d4d7e5af442, type: 3}
      propertyPath: m_Pivot.x
      value: 0.5
      objectReference: {fileID: 0}
    - target: {fileID: 1508448155989510417, guid: 7e7e20a1adabae047b785d4d7e5af442, type: 3}
      propertyPath: m_Pivot.y
      value: 0.5
      objectReference: {fileID: 0}
    - target: {fileID: 1508448155989510417, guid: 7e7e20a1adabae047b785d4d7e5af442, type: 3}
      propertyPath: m_AnchorMax.x
      value: 0
      objectReference: {fileID: 0}
    - target: {fileID: 1508448155989510417, guid: 7e7e20a1adabae047b785d4d7e5af442, type: 3}
      propertyPath: m_AnchorMax.y
      value: 1
      objectReference: {fileID: 0}
    - target: {fileID: 1508448155989510417, guid: 7e7e20a1adabae047b785d4d7e5af442, type: 3}
      propertyPath: m_AnchorMin.x
      value: 0
      objectReference: {fileID: 0}
    - target: {fileID: 1508448155989510417, guid: 7e7e20a1adabae047b785d4d7e5af442, type: 3}
      propertyPath: m_AnchorMin.y
      value: 1
      objectReference: {fileID: 0}
    - target: {fileID: 1508448155989510417, guid: 7e7e20a1adabae047b785d4d7e5af442, type: 3}
      propertyPath: m_SizeDelta.x
      value: 46
      objectReference: {fileID: 0}
    - target: {fileID: 1508448155989510417, guid: 7e7e20a1adabae047b785d4d7e5af442, type: 3}
      propertyPath: m_SizeDelta.y
      value: 52
      objectReference: {fileID: 0}
    - target: {fileID: 1508448155989510417, guid: 7e7e20a1adabae047b785d4d7e5af442, type: 3}
      propertyPath: m_LocalPosition.x
      value: 0
      objectReference: {fileID: 0}
    - target: {fileID: 1508448155989510417, guid: 7e7e20a1adabae047b785d4d7e5af442, type: 3}
      propertyPath: m_LocalPosition.y
      value: 0
      objectReference: {fileID: 0}
    - target: {fileID: 1508448155989510417, guid: 7e7e20a1adabae047b785d4d7e5af442, type: 3}
      propertyPath: m_LocalPosition.z
      value: 0
      objectReference: {fileID: 0}
    - target: {fileID: 1508448155989510417, guid: 7e7e20a1adabae047b785d4d7e5af442, type: 3}
      propertyPath: m_LocalRotation.w
      value: 1
      objectReference: {fileID: 0}
    - target: {fileID: 1508448155989510417, guid: 7e7e20a1adabae047b785d4d7e5af442, type: 3}
      propertyPath: m_LocalRotation.x
      value: 0
      objectReference: {fileID: 0}
    - target: {fileID: 1508448155989510417, guid: 7e7e20a1adabae047b785d4d7e5af442, type: 3}
      propertyPath: m_LocalRotation.y
      value: 0
      objectReference: {fileID: 0}
    - target: {fileID: 1508448155989510417, guid: 7e7e20a1adabae047b785d4d7e5af442, type: 3}
      propertyPath: m_LocalRotation.z
      value: 0
      objectReference: {fileID: 0}
    - target: {fileID: 1508448155989510417, guid: 7e7e20a1adabae047b785d4d7e5af442, type: 3}
      propertyPath: m_AnchoredPosition.x
      value: 348.25
      objectReference: {fileID: 0}
    - target: {fileID: 1508448155989510417, guid: 7e7e20a1adabae047b785d4d7e5af442, type: 3}
      propertyPath: m_AnchoredPosition.y
      value: -20
      objectReference: {fileID: 0}
    - target: {fileID: 1508448155989510417, guid: 7e7e20a1adabae047b785d4d7e5af442, type: 3}
      propertyPath: m_LocalEulerAnglesHint.x
      value: 0
      objectReference: {fileID: 0}
    - target: {fileID: 1508448155989510417, guid: 7e7e20a1adabae047b785d4d7e5af442, type: 3}
      propertyPath: m_LocalEulerAnglesHint.y
      value: 0
      objectReference: {fileID: 0}
    - target: {fileID: 1508448155989510417, guid: 7e7e20a1adabae047b785d4d7e5af442, type: 3}
      propertyPath: m_LocalEulerAnglesHint.z
      value: 0
      objectReference: {fileID: 0}
    - target: {fileID: 4558485265677487376, guid: 7e7e20a1adabae047b785d4d7e5af442, type: 3}
      propertyPath: m_Name
      value: Status Icons
      objectReference: {fileID: 0}
    m_RemovedComponents: []
    m_RemovedGameObjects: []
    m_AddedGameObjects: []
    m_AddedComponents: []
  m_SourcePrefab: {fileID: 100100000, guid: 7e7e20a1adabae047b785d4d7e5af442, type: 3}
--- !u!224 &5452529831837466375 stripped
RectTransform:
  m_CorrespondingSourceObject: {fileID: 1508448155989510417, guid: 7e7e20a1adabae047b785d4d7e5af442, type: 3}
  m_PrefabInstance: {fileID: 6864703426790258198}
  m_PrefabAsset: {fileID: 0}
