%YAML 1.1
%TAG !u! tag:unity3d.com,2011:
--- !u!1 &911097646958789214
GameObject:
  m_ObjectHideFlags: 0
  m_CorrespondingSourceObject: {fileID: 0}
  m_PrefabInstance: {fileID: 0}
  m_PrefabAsset: {fileID: 0}
  serializedVersion: 6
  m_Component:
  - component: {fileID: 820373015840555467}
  - component: {fileID: 8827999445372979461}
  - component: {fileID: 1573877716250763865}
  - component: {fileID: 6174840612241841664}
  m_Layer: 5
  m_Name: Time & Date -1502716086
  m_TagString: Untagged
  m_Icon: {fileID: 0}
  m_NavMeshLayer: 0
  m_StaticEditorFlags: 0
  m_IsActive: 1
--- !u!224 &820373015840555467
RectTransform:
  m_ObjectHideFlags: 0
  m_CorrespondingSourceObject: {fileID: 0}
  m_PrefabInstance: {fileID: 0}
  m_PrefabAsset: {fileID: 0}
  m_GameObject: {fileID: 911097646958789214}
  m_LocalRotation: {x: -0, y: -0, z: -0, w: 1}
  m_LocalPosition: {x: 0, y: 0, z: 0}
  m_LocalScale: {x: 1, y: 1, z: 1}
  m_ConstrainProportionsScale: 0
  m_Children:
  - {fileID: 2922734684731134450}
  - {fileID: 4340591873481564127}
  m_Father: {fileID: 0}
  m_LocalEulerAnglesHint: {x: 0, y: 0, z: 0}
  m_AnchorMin: {x: 0, y: 0}
  m_AnchorMax: {x: 0, y: 0}
  m_AnchoredPosition: {x: 0, y: 0}
  m_SizeDelta: {x: 128, y: 40}
  m_Pivot: {x: 0.5, y: 0.5}
--- !u!114 &8827999445372979461
MonoBehaviour:
  m_ObjectHideFlags: 0
  m_CorrespondingSourceObject: {fileID: 0}
  m_PrefabInstance: {fileID: 0}
  m_PrefabAsset: {fileID: 0}
  m_GameObject: {fileID: 911097646958789214}
  m_Enabled: 1
  m_EditorHideFlags: 0
  m_Script: {fileID: 11500000, guid: 18b42570416bdca4697b2749e5bf8c5c, type: 3}
  m_Name: 
  m_EditorClassIdentifier: 
  data:
    id: I96:3339;266:1482;266:1499;266:1640
    formattedName: Time & Date
    spriteName: 
    tags: 6400000001000000
    childIndexes: 9e0000009f000000
    fcuInstance: {fileID: 0}
    gameObject: {fileID: 911097646958789214}
    transformData:
      anchorMin: {x: 0, y: 1}
      anchorMax: {x: 0, y: 1}
      anchoredPosition: {x: 104.75, y: -20}
      sizeDelta: {x: 128, y: 40, z: 0}
      localRotation: {x: 0, y: 0, z: 0, w: 1}
      localScale: {x: 1, y: 1, z: 1}
    singleColor: {r: 0, g: 0, b: 0, a: 0}
    spriteSize: {x: 0, y: 0}
    size: {x: 128, y: 40}
    position: {x: 3115, y: -445}
    fcuImageType: 0
    buttonComponent: 0
    hash: -1502716086
    hashDataTree: "\u2014\u2014\u2014\u2014Mini_game_2_WINLINE/4/Phone portrait/Status
      bar/Status/Time & Date\r\n    isVisible | True\r\n    Type | FRAME\r\n    GetFigmaRotationAngle
      | 0\r\n    StrokeWeight | 1\r\n    StrokeAlign | INSIDE\r\n    BlendMode |
      PASS_THROUGH\r\n    ClipsContent | False\r\n    LayoutMode | HORIZONTAL\r\n   
      ItemSpacing | 8\r\n    CounterAxisAlignItems | CENTER\r\n    Size | (128.00,
      40.00)\r\n    isVisible | True\r\n    Type | FRAME\r\n    GetFigmaRotationAngle
      | 0\r\n    StrokeWeight | 1\r\n    StrokeAlign | INSIDE\r\n    BlendMode |
      PASS_THROUGH\r\n    ClipsContent | False\r\n    LayoutMode | HORIZONTAL\r\n   
      ItemSpacing | 8\r\n    CounterAxisAlignItems | CENTER\r\n    Size | (128.00,
      40.00)\r\n    \u2014\u2014\u2014\u2014ArcData\r\n        StartingAngle | 0\r\n       
      EndingAngle | 0\r\n        InnerRadius | 0\r\n\u2014\u2014\u2014\u2014Mini_game_2_WINLINE/4/Phone
      portrait/Status bar/Status/Time & Date/9-30\r\n    isVisible | True\r\n   
      Type | TEXT\r\n    GetFigmaRotationAngle | 0\r\n    StrokeWeight | 0\r\n   
      StrokeAlign | CENTER\r\n    BlendMode | NORMAL\r\n    isVisible | True\r\n   
      Type | TEXT\r\n    GetFigmaRotationAngle | 0\r\n    StrokeWeight | 0\r\n   
      StrokeAlign | CENTER\r\n    BlendMode | NORMAL\r\n    \u2014\u2014\u2014\u2014TextStyle\r\n       
      FontFamily | Roboto\r\n        FontWeight | 400\r\n        FontSize | 14\r\n       
      TextAlignHorizontal | LEFT\r\n        TextAlignVertical | CENTER\r\n    \u2014\u2014\u2014\u2014Fills\r\n       
      IsVisible | True\r\n        Type | SOLID\r\n        Color | RGBA(0.098, 0.110,
      0.106, 1.000)\r\n        BlendMode | NORMAL\r\n    \u2014\u2014\u2014\u2014ArcData\r\n       
      StartingAngle | 0\r\n        EndingAngle | 0\r\n        InnerRadius | 0\r\n   
      \u2014\u2014\u2014\u2014Mini_game_2_WINLINE/4/Phone portrait/Status bar/Status/Time
      & Date/Tue- Jul 19\r\n        isVisible | False\r\n        Type | TEXT\r\n       
      GetFigmaRotationAngle | 0\r\n        StrokeWeight | 0\r\n        StrokeAlign
      | CENTER\r\n        BlendMode | NORMAL\r\n        isVisible | False\r\n       
      Type | TEXT\r\n        GetFigmaRotationAngle | 0\r\n        StrokeWeight |
      0\r\n        StrokeAlign | CENTER\r\n        BlendMode | NORMAL\r\n       
      \u2014\u2014\u2014\u2014TextStyle\r\n            FontFamily | Roboto\r\n           
      FontWeight | 400\r\n            FontSize | 14\r\n            TextAlignHorizontal
      | LEFT\r\n            TextAlignVertical | CENTER\r\n        \u2014\u2014\u2014\u2014Fills\r\n           
      IsVisible | True\r\n            Type | SOLID\r\n            Color | RGBA(0.000,
      0.000, 0.000, 1.000)\r\n            BlendMode | NORMAL\r\n        \u2014\u2014\u2014\u2014ArcData\r\n           
      StartingAngle | 0\r\n            EndingAngle | 0\r\n            InnerRadius
      | 0\r\n"
    parentIndex: 156
    hierarchy: Mini_game_2_WINLINE/4/Phone portrait/Status bar/Status/Time & Date
    spritePath: 
    link: 
    humanizedTextPrefabName: 
    tagReason: children not empty
    downloadAttempsCount: 0
    isDownloadable: 0
    isDuplicate: 1
    isMutual: 0
    isEmptyMask: 0
    isEmpty: 0
    needDownload: 0
    needGenerate: 0
    forceImage: 0
    forceContainer: 0
    isInsideDownloadable: 0
    insideForceImage: 0
    hasFontAsset: 0
--- !u!114 &1573877716250763865
MonoBehaviour:
  m_ObjectHideFlags: 0
  m_CorrespondingSourceObject: {fileID: 0}
  m_PrefabInstance: {fileID: 0}
  m_PrefabAsset: {fileID: 0}
  m_GameObject: {fileID: 911097646958789214}
  m_Enabled: 1
  m_EditorHideFlags: 0
  m_Script: {fileID: 11500000, guid: 306cc8c2b49d7114eaa3623786fc2126, type: 3}
  m_Name: 
  m_EditorClassIdentifier: 
  m_IgnoreLayout: 0
  m_MinWidth: 128
  m_MinHeight: 40
  m_PreferredWidth: -1
  m_PreferredHeight: -1
  m_FlexibleWidth: -1
  m_FlexibleHeight: -1
  m_LayoutPriority: 1
--- !u!114 &6174840612241841664
MonoBehaviour:
  m_ObjectHideFlags: 0
  m_CorrespondingSourceObject: {fileID: 0}
  m_PrefabInstance: {fileID: 0}
  m_PrefabAsset: {fileID: 0}
  m_GameObject: {fileID: 911097646958789214}
  m_Enabled: 1
  m_EditorHideFlags: 0
  m_Script: {fileID: 11500000, guid: 30649d3a9faa99c48a7b1166b86bf2a0, type: 3}
  m_Name: 
  m_EditorClassIdentifier: 
  m_Padding:
    m_Left: 0
    m_Right: 0
    m_Top: 0
    m_Bottom: 0
  m_ChildAlignment: 3
  m_Spacing: 8
  m_ChildForceExpandWidth: 0
  m_ChildForceExpandHeight: 0
  m_ChildControlWidth: 0
  m_ChildControlHeight: 0
  m_ChildScaleWidth: 0
  m_ChildScaleHeight: 0
  m_ReverseArrangement: 0
--- !u!1001 &6856436553680147476
PrefabInstance:
  m_ObjectHideFlags: 0
  serializedVersion: 2
  m_Modification:
    serializedVersion: 3
    m_TransformParent: {fileID: 820373015840555467}
    m_Modifications:
    - target: {fileID: 3447852120272926302, guid: 70bb743edcf85ac4a92cb7daa77346e1, type: 3}
      propertyPath: m_text
      value: Tue, Jul 19
      objectReference: {fileID: 0}
    - target: {fileID: 5047844188624761209, guid: 70bb743edcf85ac4a92cb7daa77346e1, type: 3}
      propertyPath: m_Name
      value: Tue- Jul 19
      objectReference: {fileID: 0}
    - target: {fileID: 6967210229104181724, guid: 70bb743edcf85ac4a92cb7daa77346e1, type: 3}
      propertyPath: data.id
      value: I96:3339;266:1482;266:1499;266:1642
      objectReference: {fileID: 0}
    - target: {fileID: 7141044315300236235, guid: 70bb743edcf85ac4a92cb7daa77346e1, type: 3}
      propertyPath: m_Pivot.x
      value: 0.5
      objectReference: {fileID: 0}
    - target: {fileID: 7141044315300236235, guid: 70bb743edcf85ac4a92cb7daa77346e1, type: 3}
      propertyPath: m_Pivot.y
      value: 0.5
      objectReference: {fileID: 0}
    - target: {fileID: 7141044315300236235, guid: 70bb743edcf85ac4a92cb7daa77346e1, type: 3}
      propertyPath: m_AnchorMax.x
      value: 0
      objectReference: {fileID: 0}
    - target: {fileID: 7141044315300236235, guid: 70bb743edcf85ac4a92cb7daa77346e1, type: 3}
      propertyPath: m_AnchorMax.y
      value: 1
      objectReference: {fileID: 0}
    - target: {fileID: 7141044315300236235, guid: 70bb743edcf85ac4a92cb7daa77346e1, type: 3}
      propertyPath: m_AnchorMin.x
      value: 0
      objectReference: {fileID: 0}
    - target: {fileID: 7141044315300236235, guid: 70bb743edcf85ac4a92cb7daa77346e1, type: 3}
      propertyPath: m_AnchorMin.y
      value: 1
      objectReference: {fileID: 0}
    - target: {fileID: 7141044315300236235, guid: 70bb743edcf85ac4a92cb7daa77346e1, type: 3}
      propertyPath: m_SizeDelta.x
      value: 70
      objectReference: {fileID: 0}
    - target: {fileID: 7141044315300236235, guid: 70bb743edcf85ac4a92cb7daa77346e1, type: 3}
      propertyPath: m_SizeDelta.y
      value: 20
      objectReference: {fileID: 0}
    - target: {fileID: 7141044315300236235, guid: 70bb743edcf85ac4a92cb7daa77346e1, type: 3}
      propertyPath: m_LocalPosition.x
      value: 0
      objectReference: {fileID: 0}
    - target: {fileID: 7141044315300236235, guid: 70bb743edcf85ac4a92cb7daa77346e1, type: 3}
      propertyPath: m_LocalPosition.y
      value: 0
      objectReference: {fileID: 0}
    - target: {fileID: 7141044315300236235, guid: 70bb743edcf85ac4a92cb7daa77346e1, type: 3}
      propertyPath: m_LocalPosition.z
      value: 0
      objectReference: {fileID: 0}
    - target: {fileID: 7141044315300236235, guid: 70bb743edcf85ac4a92cb7daa77346e1, type: 3}
      propertyPath: m_LocalRotation.w
      value: 1
      objectReference: {fileID: 0}
    - target: {fileID: 7141044315300236235, guid: 70bb743edcf85ac4a92cb7daa77346e1, type: 3}
      propertyPath: m_LocalRotation.x
      value: 0
      objectReference: {fileID: 0}
    - target: {fileID: 7141044315300236235, guid: 70bb743edcf85ac4a92cb7daa77346e1, type: 3}
      propertyPath: m_LocalRotation.y
      value: 0
      objectReference: {fileID: 0}
    - target: {fileID: 7141044315300236235, guid: 70bb743edcf85ac4a92cb7daa77346e1, type: 3}
      propertyPath: m_LocalRotation.z
      value: 0
      objectReference: {fileID: 0}
    - target: {fileID: 7141044315300236235, guid: 70bb743edcf85ac4a92cb7daa77346e1, type: 3}
      propertyPath: m_AnchoredPosition.x
      value: 72
      objectReference: {fileID: 0}
    - target: {fileID: 7141044315300236235, guid: 70bb743edcf85ac4a92cb7daa77346e1, type: 3}
      propertyPath: m_AnchoredPosition.y
      value: -20
      objectReference: {fileID: 0}
    - target: {fileID: 7141044315300236235, guid: 70bb743edcf85ac4a92cb7daa77346e1, type: 3}
      propertyPath: m_LocalEulerAnglesHint.x
      value: 0
      objectReference: {fileID: 0}
    - target: {fileID: 7141044315300236235, guid: 70bb743edcf85ac4a92cb7daa77346e1, type: 3}
      propertyPath: m_LocalEulerAnglesHint.y
      value: 0
      objectReference: {fileID: 0}
    - target: {fileID: 7141044315300236235, guid: 70bb743edcf85ac4a92cb7daa77346e1, type: 3}
      propertyPath: m_LocalEulerAnglesHint.z
      value: 0
      objectReference: {fileID: 0}
    m_RemovedComponents: []
    m_RemovedGameObjects: []
    m_AddedGameObjects: []
    m_AddedComponents: []
  m_SourcePrefab: {fileID: 100100000, guid: 70bb743edcf85ac4a92cb7daa77346e1, type: 3}
--- !u!224 &4340591873481564127 stripped
RectTransform:
  m_CorrespondingSourceObject: {fileID: 7141044315300236235, guid: 70bb743edcf85ac4a92cb7daa77346e1, type: 3}
  m_PrefabInstance: {fileID: 6856436553680147476}
  m_PrefabAsset: {fileID: 0}
--- !u!1001 &7183416816647932820
PrefabInstance:
  m_ObjectHideFlags: 0
  serializedVersion: 2
  m_Modification:
    serializedVersion: 3
    m_TransformParent: {fileID: 820373015840555467}
    m_Modifications:
    - target: {fileID: 1199079121830358748, guid: d65e5c4704535c84195a2d39e31e40e7, type: 3}
      propertyPath: m_Name
      value: 9-30
      objectReference: {fileID: 0}
    - target: {fileID: 5422118708762040934, guid: d65e5c4704535c84195a2d39e31e40e7, type: 3}
      propertyPath: m_Pivot.x
      value: 0.5
      objectReference: {fileID: 0}
    - target: {fileID: 5422118708762040934, guid: d65e5c4704535c84195a2d39e31e40e7, type: 3}
      propertyPath: m_Pivot.y
      value: 0.5
      objectReference: {fileID: 0}
    - target: {fileID: 5422118708762040934, guid: d65e5c4704535c84195a2d39e31e40e7, type: 3}
      propertyPath: m_AnchorMax.x
      value: 0
      objectReference: {fileID: 0}
    - target: {fileID: 5422118708762040934, guid: d65e5c4704535c84195a2d39e31e40e7, type: 3}
      propertyPath: m_AnchorMax.y
      value: 1
      objectReference: {fileID: 0}
    - target: {fileID: 5422118708762040934, guid: d65e5c4704535c84195a2d39e31e40e7, type: 3}
      propertyPath: m_AnchorMin.x
      value: 0
      objectReference: {fileID: 0}
    - target: {fileID: 5422118708762040934, guid: d65e5c4704535c84195a2d39e31e40e7, type: 3}
      propertyPath: m_AnchorMin.y
      value: 1
      objectReference: {fileID: 0}
    - target: {fileID: 5422118708762040934, guid: d65e5c4704535c84195a2d39e31e40e7, type: 3}
      propertyPath: m_SizeDelta.x
      value: 29
      objectReference: {fileID: 0}
    - target: {fileID: 5422118708762040934, guid: d65e5c4704535c84195a2d39e31e40e7, type: 3}
      propertyPath: m_SizeDelta.y
      value: 20
      objectReference: {fileID: 0}
    - target: {fileID: 5422118708762040934, guid: d65e5c4704535c84195a2d39e31e40e7, type: 3}
      propertyPath: m_LocalPosition.x
      value: 0
      objectReference: {fileID: 0}
    - target: {fileID: 5422118708762040934, guid: d65e5c4704535c84195a2d39e31e40e7, type: 3}
      propertyPath: m_LocalPosition.y
      value: 0
      objectReference: {fileID: 0}
    - target: {fileID: 5422118708762040934, guid: d65e5c4704535c84195a2d39e31e40e7, type: 3}
      propertyPath: m_LocalPosition.z
      value: 0
      objectReference: {fileID: 0}
    - target: {fileID: 5422118708762040934, guid: d65e5c4704535c84195a2d39e31e40e7, type: 3}
      propertyPath: m_LocalRotation.w
      value: 1
      objectReference: {fileID: 0}
    - target: {fileID: 5422118708762040934, guid: d65e5c4704535c84195a2d39e31e40e7, type: 3}
      propertyPath: m_LocalRotation.x
      value: 0
      objectReference: {fileID: 0}
    - target: {fileID: 5422118708762040934, guid: d65e5c4704535c84195a2d39e31e40e7, type: 3}
      propertyPath: m_LocalRotation.y
      value: 0
      objectReference: {fileID: 0}
    - target: {fileID: 5422118708762040934, guid: d65e5c4704535c84195a2d39e31e40e7, type: 3}
      propertyPath: m_LocalRotation.z
      value: 0
      objectReference: {fileID: 0}
    - target: {fileID: 5422118708762040934, guid: d65e5c4704535c84195a2d39e31e40e7, type: 3}
      propertyPath: m_AnchoredPosition.x
      value: 14.5
      objectReference: {fileID: 0}
    - target: {fileID: 5422118708762040934, guid: d65e5c4704535c84195a2d39e31e40e7, type: 3}
      propertyPath: m_AnchoredPosition.y
      value: -20
      objectReference: {fileID: 0}
    - target: {fileID: 5422118708762040934, guid: d65e5c4704535c84195a2d39e31e40e7, type: 3}
      propertyPath: m_LocalEulerAnglesHint.x
      value: 0
      objectReference: {fileID: 0}
    - target: {fileID: 5422118708762040934, guid: d65e5c4704535c84195a2d39e31e40e7, type: 3}
      propertyPath: m_LocalEulerAnglesHint.y
      value: 0
      objectReference: {fileID: 0}
    - target: {fileID: 5422118708762040934, guid: d65e5c4704535c84195a2d39e31e40e7, type: 3}
      propertyPath: m_LocalEulerAnglesHint.z
      value: 0
      objectReference: {fileID: 0}
    m_RemovedComponents: []
    m_RemovedGameObjects: []
    m_AddedGameObjects: []
    m_AddedComponents: []
  m_SourcePrefab: {fileID: 100100000, guid: d65e5c4704535c84195a2d39e31e40e7, type: 3}
--- !u!224 &2922734684731134450 stripped
RectTransform:
  m_CorrespondingSourceObject: {fileID: 5422118708762040934, guid: d65e5c4704535c84195a2d39e31e40e7, type: 3}
  m_PrefabInstance: {fileID: 7183416816647932820}
  m_PrefabAsset: {fileID: 0}
